% This file was created with JabRef 2.5.
% Encoding: UTF-8

@article{bird&liberman99,
 author = {Bird, Steven and Liberman, Mark},
 title = {A formal framework for linguistic annotation},
 journal = {Speech Commun.},
 volume = {33},
 issue = {1-2},
 month = {January},
 year = {2001},
 issn = {0167-6393},
 pages = {23--60},
 numpages = {38},
 publisher = {Elsevier Science Publishers B. V.},
 address = {Amsterdam, The Netherlands, The Netherlands},
} 


@inproceedings{ide&suderman07,
 author = {Ide, Nancy and Suderman, Keith},
 title = {GrAF: a graph-based format for linguistic annotations},
 booktitle = {Proceedings of the Linguistic Annotation Workshop},
 series = {LAW '07},
 year = {2007},
 location = {Prague, Czech Republic},
 pages = {1--8},
 numpages = {8},
 publisher = {Association for Computational Linguistics},
 address = {Stroudsburg, PA, USA},
} 





@inproceedings{ide&suderman09,
 author = {Ide, Nancy and Suderman, Keith},
 title = {Bridging the gaps: interoperability for GrAF, GATE, and UIMA},
 booktitle = {Proceedings of the Third Linguistic Annotation Workshop},
 series = {ACL-IJCNLP '09},
 year = {2009},
 isbn = {978-1-932432-52-7},
 location = {Suntec, Singapore},
 pages = {27--34},
 numpages = {8},
 publisher = {Association for Computational Linguistics},
 address = {Stroudsburg, PA, USA},
} 


@MISC{UIMAOverview,
  author = {{Apache UIMA}},
  title = {{UIMA Overview \& SDK Setup
	
	}},
  howpublished = {(\url{http://uima.apache.org/downloads/releaseDocs/2.3.0-incubating/docs/pdf/overview_and_setup.pdf})},
  year = {2010},
  owner = {audibert},
  timestamp = {2010.10.30}
}

@MISC{UIMAReferences,
  author = {{Apache UIMA}},
  title = {{UIMA References}},
  howpublished = {(\url{http://uima.apache.org/downloads/releaseDocs/2.3.0-incubating/docs/pdf/references.pdf})},
  year = {2010},
  owner = {audibert},
  timestamp = {2010.10.30}
}

@MISC{UIMATools,
  author = {{Apache UIMA}},
  title = {{UIMA Tools Guide and Reference}},
  howpublished = {(\url{http://uima.apache.org/downloads/releaseDocs/2.3.0-incubating/docs/pdf/tools.pdf})},
  year = {2010},
  owner = {audibert},
  timestamp = {2010.10.30}
}

@MISC{UIMATutorial,
  author = {{Apache UIMA}},
  title = {{UIMA Tutorial and Developers' Guides}},
  howpublished = {(\url{http://uima.apache.org/downloads/releaseDocs/2.3.0-incubating/docs/pdf/tutorials_and_users_guides.pdf})},
  year = {2010},
  owner = {audibert},
  timestamp = {2010.10.30}
}

@ARTICLE{AubHam06I,
  author = {Sophie Aubin and Thierry Hamon},
  title = {Improving Term Extraction with Terminological Resources},
  journal = {CoRR},
  year = {2006},
  volume = {abs/cs/0609019},
  bibsource = {DBLP, http://dblp.uni-trier.de},
  ee = {http://arxiv.org/abs/cs/0609019}
}

@TECHREPORT{AubHam06Y,
  author = {Sophie Aubin and Thierry Hamon},
  title = {Deliverable D6.3 - Technical description of the Term Extractor -
	YATEA},
  institution = {ALVIS (Superpeer semantic Search Engine)},
  year = {2006},
  owner = {audibert},
  timestamp = {2010.11.03}
}

@INPROCEEDINGS{Bilhaut2003T,
  author = {Frédérik Bilhaut},
  title = {The LinguaStream Platform},
  booktitle = {Proceedings of the 19th Spanish Society for Natural Language Processing
	Conference (SEPLN)},
  year = {2003},
  pages = {p. 339-340},
  address = {Alcalá de Henares, Spain},
  owner = {audibert},
  timestamp = {2010.10.30}
}

@INCOLLECTION{Bourigault2000A,
  author = {Bourigault D., Fabre C.},
  title = {Approche linguistique pour l'analyse syntaxique de corpus},
  booktitle = {Cahiers de Grammaire, 25, Université Toulouse le Mirail},
  year = {2000},
  pages = {pp.131-151},
  owner = {audibert},
  timestamp = {2010.11.03}
}

@ARTICLE{Chaumartin2008A,
  author = {François-Régis Chaumartin},
  title = {Antelope : une plate-forme industrielle de traitement linguistique},
  journal = {Traitement Automatique des Langues},
  year = {2008},
  volume = {49},
  number = {2},
  abstract = {La plate-forme de traitement linguistique Antelope, en partie basée
	sur la Théorie Sens-Texte (TST), permet l’analyse syntaxique et sémantique
	de textes sur des corpus de volume important. Antelope intègre plusieurs
	composants préexistants (pour l’analyse syntaxique) ainsi que des
	données linguistiques à large couverture provenant de différentes
	sources. Un effort d’intégration permet néanmoins d’offrir une plate-forme
	homogène. Notre contribution directe concerne l’ajout de composants
	d’analyse sémantique et la formalisation d’un modèle linguistique
	unifié. Cet article présente la plate-forme et la compare à d’autres
	projets de référence. Il propose un retour d’expérience d’un éditeur
	de logiciel vers la communauté du TAL, en soulignant les précautions
	architecturales à prendre pour qu’un tel ensemble complexe reste
	maintenable.},
  owner = {audibert},
  timestamp = {2010.10.28}
}

@MISC{CV2002IntexUnitex,
  author = {Claude Condé and Jean-Marie Viprey},
  title = {A propos d’INTEX et d’Unitex},
  howpublished = {(\url{http://mshe.univ-fcomte.fr/intex/UX_COMM.htm})},
  year = {2002},
  owner = {audibert},
  timestamp = {2010.10.31}
}

@INPROCEEDINGS{CunninghamMaynardEtAl02ACL,
  author = {Hamish Cunningham and Diana Maynard and Kalina Bontcheva and Valentin
	Tablan},
  title = {{GATE}: A Framework and Graphical Development Environment for Robust
	{NLP} Tools and Applications.},
  booktitle = {Proceedings of the 40th Annual Meeting of the Association for Computational
	Linguistics, Philadelphia, PA, USA},
  year = {2002},
  abstract = {In this paper we present GATE, a framework and graphical development
	environment which enables users to develop and deploy language engineering
	components and resources in a robust fashion. The GATE architecture
	has enabled us not only to develop a number of successful applications
	for various language processing tasks (such as Information Extraction),
	but also to build and annotate corpora and carry out evaluations
	on the applications generated. The framework can be used to develop
	applications and resources in multiple languages, based on its thorough
	Unicode support.},
  added-at = {2010-10-29T16:55:18.000+0200},
  biburl = {http://www.bibsonomy.org/bibtex/2ad2bfff52de43b626512d05d66f9b6ca/flint63},
  interhash = {83a721f9dbabe6f90da89b849689e872},
  intrahash = {ad2bfff52de43b626512d05d66f9b6ca}
}

@INPROCEEDINGS{curran-clark-bos:2007:PosterDemo,
  author = {Curran, James and Clark, Stephen and Bos, Johan},
  title = {Linguistically Motivated Large-Scale NLP with C\&C and Boxer},
  booktitle = {Proceedings of the 45th Annual Meeting of the Association for Computational
	Linguistics Companion Volume Proceedings of the Demo and Poster Sessions},
  year = {2007},
  pages = {33--36},
  address = {Prague, Czech Republic},
  month = {June},
  publisher = {Association for Computational Linguistics}
}

@INPROCEEDINGS{Daille2003C,
  author = {Béatrice Daille},
  title = {Conceptual structuring through term variations},
  booktitle = {Proceedings ACL 2003 Workshop on Multiword Expressions: Analysis,
	Acquisition and Treatment},
  year = {2003},
  editor = {F. Bond, A. Korhonen, D. MacCarthy and A. Villacicencio},
  pages = {p. 9-16},
  owner = {audibert},
  timestamp = {2010.11.03}
}

@MISC{wiki,
  author = {{Encyclop\'edie Wikip\'edia}},
  title = {Articles en ligne sur {W}ikip\'edia},
  howpublished = {\\(\url{http://fr.wikipedia.org})},
  year = {2009},
  owner = {audibert},
  timestamp = {2010.10.19}
}

@ARTICLE{Enjalbert08P,
  author = {Patrice Enjalbert},
  title = {Plate-formes pour le traitement automatique des langues - {P}réface},
  journal = {Traitement Automatique des Langues},
  year = {2008},
  volume = {49},
  number = {2},
  owner = {audibert},
  timestamp = {2010.10.28}
}

@INPROCEEDINGS{FerrucciLally2004U,
  author = {David Ferrucci and Adam Lally},
  title = {{UIMA} : an Architectural Approach to Unstructured Information Processing
	in the Corporate Research Environment},
  booktitle = {Natural Language Engineering},
  year = {2004},
  volume = {10},
  pages = {p. 327-348},
  owner = {audibert},
  timestamp = {2010.10.30}
}

@INPROCEEDINGS{FGM2005I,
  author = {Finkel, Jenny Rose and Grenager, Trond and Manning, Christopher},
  title = {Incorporating non-local information into information extraction systems
	by Gibbs sampling},
  booktitle = {ACL '05: Proceedings of the 43rd Annual Meeting on Association for
	Computational Linguistics},
  year = {2005},
  pages = {363--370},
  address = {Morristown, NJ, USA},
  publisher = {Association for Computational Linguistics},
  location = {Ann Arbor, Michigan}
}

@INPROCEEDINGS{GLS1995A,
  author = {Dennis Grinberg and John Lafferty and Daniel Sleator},
  title = {A robust parsing algorithm for link grammars},
  booktitle = {Proceedings of the Fourth International Workshop on Parsing Technologies},
  year = {1995},
  address = {Prague},
  month = {September},
  note = {This paper describes the modifications of the parsing algorithm used
	to allow null links},
  institution = {Carnegie Mellon University Computer Science},
  owner = {audibert},
  timestamp = {2010.11.02}
}

@INPROCEEDINGS{GBCFV02N,
  author = {Emilie {Guimier De Neef} and Malek Boualem and Christine Chardenon
	and P. Filoche and J. Vinesse},
  title = {Natural language processing software tools and linguistic data developed
	by France Télécom R\&D},
  booktitle = {European Conference on Multilingual Technologies},
  year = {2002},
  address = {Pune, India},
  abstract = {Cet article décrit une plate-forme de TALN, modulaire et multilingue,
	enrichie d’un système de contrôle basé sur l’aide multicritère à
	la décision. La présentation est complétée par une description des
	données linguistiques utilisées ainsi que des applications basées
	sur cette technologie.},
  journal = {Traitement Automatique des Langues},
  owner = {audibert},
  timestamp = {2010.10.28}
}

@INPROCEEDINGS{HBTPMTA07A,
  author = {Hahn, Udo and Buyko, Ekaterina and Tomanek, Katrin and Piao, Scott
	and McNaught, John and Tsuruoka, Yoshimasa and Ananiadou, Sophia},
  title = {An annotation type system for a data-driven NLP pipeline},
  booktitle = {Proceedings of the Linguistic Annotation Workshop},
  year = {2007},
  series = {LAW '07},
  pages = {33--40},
  address = {Stroudsburg, PA, USA},
  publisher = {Association for Computational Linguistics},
  acmid = {1642064},
  location = {Prague, Czech Republic},
  numpages = {8},
  url = {http://portal.acm.org/citation.cfm?id=1642059.1642064}
}

@ARTICLE{HamNaz2008L,
  author = {Thierry Hamon and Adeline Nazarenko},
  title = {Le développement d’une plate-forme pour l’annotation spécialisée
	de documents Web : retour d’expérience},
  journal = {Traitement Automatique des Langues},
  year = {2008},
  volume = {49},
  number = {2},
  abstract = {Cet article décrit une plate-forme de TALN, modulaire et multilingue,
	enrichie d’un système de contrôle basé sur l’aide multicritère à
	la décision. La présentation est complétée par une description des
	données linguistiques utilisées ainsi que des applications basées
	sur cette technologie.},
  owner = {audibert},
  timestamp = {2010.10.28}
}

@ARTICLE{HSCGMB08T,
  author = {Johannes Heinecke and Grégory Smits and Christine Chardenon and Emilie
	{Guimier De Neef} and Estelle Maillebuau and Malek Boualem},
  title = {TiLT : plate-forme pour le traitement automatique des langues naturelles},
  journal = {Traitement Automatique des Langues},
  year = {2008},
  volume = {49},
  number = {2},
  abstract = {Cet article décrit une plate-forme de TALN, modulaire et multilingue,
	enrichie d’un système de contrôle basé sur l’aide multicritère à
	la décision. La présentation est complétée par une description des
	données linguistiques utilisées ainsi que des applications basées
	sur cette technologie.},
  owner = {audibert},
  timestamp = {2010.10.28}
}

@INPROCEEDINGS{HAMON2007O,
  author = {{H}amon, {T}hierry and {D}erivi{\`e}re, {J}ulien and {N}azarenko,
	{A}deline},
  title = { {O}gmios : une plate-forme d'annotation linguistique},
  booktitle = {{A}ctes de {TALN} 2007 {T}raitement {A}utomatique des {L}angues {N}aturelles
	},
  year = {2007},
  pages = {103-112 },
  address = {{T}oulouse {F}rance},
  month = {06},
  publisher = {{IRIT} {P}ress },
  note = {{ALVIS} {STREP} {P}roject },
  abstract = {{L}'un des objectifs du projet {ALVIS} est d'int{\'e}grer des informations
	linguistiques dans des moteurs de recherche sp{\'e}cialis{\'e}s.
	{D}ans ce contexte, nous avons con{\c{c}}u une plate-forme d'enrichissement
	linguistique de documents issus du {W}eb, {O}gmios, exploitant des
	outils de {TAL} existants. {L}es documents peuvent {\^e}tre en fran{\c{c}}ais
	ou en anglais. {C}ette architecture est distribu{\'e}e, afin de r{\'e}pondre
	aux contraintes li{\'e}es aux traitements de gros volumes de textes,
	et adaptable, afin de sp{\'e}cialiser l'analyse linguistique de ces
	textes. {L}a plate-forme est d{\'e}velopp{\'e}e en {P}erl et disponible
	sous forme de modules {CPAN}. {E}lle peut {\^e}tre vue comme un cadre
	de travail modulaire dans lequel il est possible d'int{\'e}grer des
	ressources adapt{\'e}es au domaine trait{\'e} mais aussi de nouveaux
	outils de {TAL}. {N}ous avons {\'e}valu{\'e} les performances de
	la plateforme sur plusieurs collections de documents. {E}n distribuant
	les traitements sur vingt machines, une collection de 55~329 documents
	du domaine de la biologie (106 millions de mots) a {\'e}t{\'e} annot{\'e}e
	en 35 heures tandis qu'une collection de 48 422 d{\'e}p{\^e}ches
	relatives aux moteurs de recherche (14 millions de mots) a {\'e}t{\'e}
	annot{\'e}e en 3 heures et 15 minutes.},
  affiliation = {{L}aboratoire d'informatique de {P}aris-nord - {LIPN} - {CNRS} : {UMR}7030
	- {U}niversit{\'e} {P}aris-{N}ord - {P}aris {XIII} },
  audience = {nationale },
  collaboration = {{ALVIS} },
  day = {05},
  hal_id = {hal-00158627},
  language = {{F}ran{\c{c}}ais}
}

@PHDTHESIS{Jacquemin1997V,
  author = {Christian Jacquemin},
  title = {Variation terminologique : reconnaissance et acquisition automatiques
	de termes et de leurs variantes en corpus},
  school = {Universite de Nantes},
  year = {1997},
  type = {Memoire d’habilitation a diriger des recherches en informatique fondamentale},
  owner = {audibert},
  timestamp = {2010.11.03}
}

@INPROCEEDINGS{Jacquemin97expansionof,
  author = {Christian Jacquemin and Judith L. Klavans and Evelyne Tzoukermann},
  title = {Expansion of Multi-Word Terms for Indexing and Retrieval Using Morphology
	and Syntax},
  booktitle = {In proceedings of the 35th Annual Meeting of the ACL},
  year = {1997},
  pages = {24--31},
  publisher = {ACL}
}

@INPROCEEDINGS{LST1992G,
  author = {John Lafferty and Daniel Sleator and Davy Temperley},
  title = {Grammatical Trigrams: A Probabilistic Model of Link Grammar},
  booktitle = {Proceedings of the AAAI Conference on Probabilistic Approaches to
	Natural Language},
  year = {1992},
  month = {October},
  note = {This paper introduces a statistical language model based on link
	grammars},
  owner = {audibert},
  timestamp = {2010.11.02}
}

@TECHREPORT{Moreau2011L,
  author = {Erwan Moreau},
  title = {LIPN UIMA Platform 0.1.3 - User/developer guide},
  institution = {Laboratoire d'Informatique de l'université Paris-Nord (LIPN) - UMR
	7030},
  year = {2011},
  note = {à paraître},
  owner = {audibert},
  timestamp = {2011.01.29}
}

@MISC{IntexUnitex2002,
  author = {{MSHE}},
  title = {Commentaires sur la documentation Unitex},
  howpublished = {(\url{http://mshe.univ-fcomte.fr/intex/Unitex.htm})},
  year = {2002},
  note = {{Maison des Sciences de l'Homme et de l'Environnement (MSHE)}},
  owner = {audibert},
  timestamp = {2010.10.31}
}

@MISC{UIMASDK-a,
  author = {{Mustapha Es-salihe} and {St\'ephane Bond}},
  title = {\'{E}tude des frameworks {UIMA}, {G}ate et {O}pen{NLP}},
  howpublished = {(\url{http:// www.crim.ca/ fr/ R-D/ Technologies\_Internet/ documents/
	Etude-UIMA-GATE-OpenNLP.pdf})},
  year = {2006},
  owner = {audibert},
  timestamp = {2010.10.30}
}

@INPROCEEDINGS{NBV04T,
  author = {Alexis Nasr and Frédéric Bechet and Alexandra Volanschi},
  title = {Tagging with Hidden Markov Models Using Ambiguous Tags},
  booktitle = {International Conference on Computational Linguistics (COLING 2004)},
  year = {2004},
  address = {Genève},
  month = {Août},
  owner = {audibert},
  timestamp = {2010.11.18}
}

@MISC{Paumier2010,
  author = {Sébastien Paumier},
  title = {Unitex 2.1 - User Manual},
  howpublished = {(\url{http://www-igm.univ-mlv.fr/~unitex})},
  year = {2010},
  note = {Institut Gaspard-Monge (IGM)},
  owner = {audibert},
  timestamp = {2010.10.31}
}

@INPROCEEDINGS{RatRoth2009D,
  author = {Lev Ratinov and Dan Roth},
  title = {Design Challenges and Misconceptions in Named Entity Recognition},
  booktitle = {CoNLL},
  year = {2009},
  owner = {audibert},
  timestamp = {2010.11.03}
}

@MISC{Roussanaly03F,
  author = {Azim Roussanaly},
  title = {{FS : API Feature Structures}},
  howpublished = {(\url{http://webloria.loria.fr/~azim/FS})},
  year = {2003},
  owner = {audibert},
  timestamp = {2010.10.30}
}

@INPROCEEDINGS{Schmid95improvementsin,
  author = {Helmut Schmid},
  title = {Improvements In Part-of-Speech Tagging With an Application To German},
  booktitle = {In Proceedings of the ACL SIGDAT-Workshop},
  year = {1995},
  pages = {47--50}
}

@INPROCEEDINGS{Schmid1994,
  author = {Helmut Schmid},
  title = {Probabilistic Part-of-Speech Tagging Using Decision Trees},
  booktitle = {Proceedings of the International Conference on New Methods in Language
	Processing},
  year = {1994},
  address = {Manchester, UK},
  keywords = {POS Tagging}
}

@INPROCEEDINGS{SclaVel2007T,
  author = {F. Sclano and P. Velardi},
  title = {TermExtractor: a Web Application to Learn the Common Terminology
	of Interest Groups and Research Communities},
  booktitle = {9th Conf. on Terminology and Artificial Intelligence TIA 2007},
  year = {2007},
  address = {Sophia Antinopolis},
  month = {Octobre},
  owner = {audibert},
  timestamp = {2010.11.03}
}

@MISC{nooj2003,
  author = {Max Silberztein},
  title = {NooJ Manual},
  howpublished = {(\url{http://www.nooj4nlp.net})},
  year = {2003},
  owner = {audibert},
  timestamp = {2010.10.31}
}

@BOOK{Silberztein93D,
  title = {Dictionnaires électroniques et analyse automatique de textes : le
	système INTEX},
  publisher = {Masson},
  year = {1993},
  author = {Max Silberztein},
  pages = {240 p.},
  address = {Paris},
  owner = {audibert},
  timestamp = {2010.10.31}
}

@INPROCEEDINGS{SleatTemp1993P,
  author = {Daniel Sleator and Davy Temperley},
  title = {Parsing English with a Link Grammar},
  booktitle = {Third International Workshop on Parsing Technologies},
  year = {1993},
  note = {This is a shorter but more up-to-date version of the technical report
	above. It contains a better introduction to link grammars, and gives
	a more detailed description of the relationship between link grammar
	and other formalisms.},
  owner = {audibert},
  timestamp = {2010.11.02}
}

@MISC{opennlp2010,
  author = {sourceforge},
  title = {opennlp.maxent},
  howpublished = {(\url{http://maxent.sourceforge.net/})},
  year = {2010},
  owner = {audibert},
  timestamp = {2010.10.30}
}

@MISC{Tellier2010I,
  author = {Isabelle Tellier},
  title = {Introduction au TALN et à l'ingénierie linguistique},
  howpublished = {(\url{http://www.univ-orleans.fr/lifo/Members/Isabelle.Tellier/})},
  year = {2010},
  owner = {audibert},
  timestamp = {2007.02.13}
}

@INPROCEEDINGS{TKMS2003F,
  author = {Toutanova, Kristina and Klein, Dan and Manning, Christopher D. and
	Singer, Yoram},
  title = {Feature-rich part-of-speech tagging with a cyclic dependency network},
  booktitle = {NAACL '03: Proceedings of the 2003 Conference of the North American
	Chapter of the Association for Computational Linguistics on Human
	Language Technology},
  year = {2003},
  pages = {173--180},
  address = {Morristown, NJ, USA},
  publisher = {Association for Computational Linguistics},
  location = {Edmonton, Canada}
}

@INPROCEEDINGS{ToutMan2000E,
  author = {Toutanova, Kristina and Manning, Christopher D.},
  title = {Enriching the knowledge sources used in a maximum entropy part-of-speech
	tagger},
  booktitle = {EMNLP '00: Proceedings of the 2000 Joint SIGDAT conference on Empirical
	methods in natural language processing and very large corpora},
  year = {2000},
  pages = {63--70},
  address = {Morristown, NJ, USA},
  publisher = {Association for Computational Linguistics},
  location = {Hong Kong}
}

@MISC{Veronnis2001I,
  author = {Jean Véronis},
  title = {{INF Z18} - Informatique et linguistique {I}},
  howpublished = {(\url{http://sites.univ-provence.fr/veronis})},
  year = {2001},
  owner = {audibert},
  timestamp = {2007.02.13}
}

@ARTICLE{WidlocherBilhaut08A,
  author = {Antoine Widlöcher and Frédérik Bilhaut},
  title = {Articulation des traitements en {TAL}},
  journal = {Traitement Automatique des Langues},
  year = {2008},
  volume = {49},
  number = {2},
  owner = {audibert},
  timestamp = {2010.10.28}
}

@MISC{Yvon2010U,
  author = {François Yvon},
  title = {Une petite introduction au Traitement Automatique des Langues Naturelles},
  howpublished = {(\url{http://www.univ-orleans.fr/lifo/Members/Isabelle.Tellier/})},
  year = {2010},
  owner = {audibert},
  timestamp = {2007.02.13}
}

